<record><leader>00000cas a2200000Ma 4500</leader><controlfield tag="001">701838713</controlfield><controlfield tag="007">hd afa---baca</controlfield><controlfield tag="008">840511d17921795nhuwr nea     0    0eng d</controlfield><controlfield tag="009">99</controlfield><datafield ind1=" " ind2=" " tag="010"><subfield code="a">sn 84023045 </subfield></datafield><datafield ind1=" " ind2=" " tag="040"><subfield code="a">AQM</subfield><subfield code="c">YUS</subfield></datafield><datafield ind1="0" ind2=" " tag="130"><subfield code="a">Phoenix (Dover, N.H.)</subfield></datafield><datafield ind1="0" ind2="4" tag="245"><subfield code="a">The Phoenix</subfield><subfield code="h">[microform].</subfield></datafield><datafield ind1="0" ind2="3" tag="246"><subfield code="a">Phenix</subfield></datafield><datafield ind1=" " ind2=" " tag="260"><subfield code="a">Dover [N.H.] :</subfield><subfield code="b">Eliphalet Ladd.</subfield></datafield><datafield ind1=" " ind2=" " tag="300"><subfield code="a">v. ;</subfield><subfield code="c">38 cm.</subfield></datafield><datafield ind1=" " ind2=" " tag="310"><subfield code="a">Weekly</subfield></datafield><datafield ind1="1" ind2=" " tag="362"><subfield code="a">Began with Jan. 25, 1792 issue; ceased with Aug. 29, 1795 issue.</subfield><subfield code="z">Cf. Brigham, C.S. Amer. newspapers.</subfield></datafield><datafield ind1=" " ind2=" " tag="588"><subfield code="a">Description based on: Vol. 2, no. 81 (Feb. 8, 1792).</subfield></datafield><datafield ind1=" " ind2=" " tag="500"><subfield code="a">Published as: Phenix, Apr. 1792-Aug. 1795.</subfield></datafield><datafield ind1=" " ind2=" " tag="500"><subfield code="a">Publishers: Ladd &amp; Homans, 1793-1794; S. Bragg, Jr., 1794-1795.</subfield></datafield><datafield ind1="4" ind2=" " tag="510"><subfield code="a">Evans</subfield><subfield code="c">24681</subfield></datafield><datafield ind1="4" ind2=" " tag="510"><subfield code="a">Brigham, C.S. Amer. newspapers,</subfield><subfield code="c">p. 447</subfield></datafield><datafield ind1=" " ind2=" " tag="533"><subfield code="a">Microfilm.</subfield><subfield code="b">Naples, Fla. :</subfield><subfield code="c">Readex Film Products :</subfield><subfield code="c">NewsBank, Inc.</subfield><subfield code="d">[2009?- ]</subfield><subfield code="e">microfilm reels ; 35 mm.</subfield><subfield code="f">(Early American newspapers).</subfield></datafield><datafield ind1=" " ind2=" " tag="539"><subfield code="a">m</subfield><subfield code="b">2009</subfield><subfield code="c">9999</subfield><subfield code="d">flu</subfield><subfield code="g">a</subfield></datafield><datafield ind1="1" ind2=" " tag="700"><subfield code="a">Bragg, Samuel,</subfield><subfield code="d">d. 1811,</subfield><subfield code="e">publisher.</subfield></datafield><datafield ind1="1" ind2=" " tag="700"><subfield code="a">Ladd, Eliphalet,</subfield><subfield code="d">1769-1802,</subfield><subfield code="e">publisher.</subfield></datafield><datafield ind1="2" ind2=" " tag="710"><subfield code="a">Ladd &amp; Homans,</subfield><subfield code="e">publisher.</subfield></datafield><datafield ind1=" " ind2=" " tag="752"><subfield code="a">United States</subfield><subfield code="b">New Hampshire</subfield><subfield code="c">Strafford</subfield><subfield code="d">Dover.</subfield></datafield><datafield ind1="0" ind2="0" tag="780"><subfield code="t">Political and sentimental repository, or Strafford recorder</subfield><subfield code="w">(DLC)sn 84023044</subfield></datafield><datafield ind1="0" ind2="0" tag="785"><subfield code="t">Sun (Dover, N.H.)</subfield><subfield code="w">(DLC)sn 84023333</subfield></datafield><datafield ind1=" " ind2="0" tag="830"><subfield code="a">Early American newspapers.</subfield></datafield></record>